@ARTICLE{Abbott2016,
   author = {{Abbott}, B.~P. and {Abbott}, R. and {Abbott}, T.~D. and {Abernathy}, M.~R. and 
	{Acernese}, F. and {Ackley}, K. and {Adams}, C. and {Adams}, T. and 
	{Addesso}, P. and {Adhikari}, R.~X. and et al.},
    title = "{Observation of Gravitational Waves from a Binary Black Hole Merger}",
  journal = {Physical Review Letters},
archivePrefix = "arXiv",
   eprint = {1602.03837},
 primaryClass = "gr-qc",
     year = 2016,
    month = feb,
   volume = 116,
   number = 6,
      eid = {061102},
    pages = {061102},
      doi = {10.1103/PhysRevLett.116.061102},
   adsurl = {http://adsabs.harvard.edu/abs/2016PhRvL.116f1102A},
  adsnote = {Provided by the SAO/NASA Astrophysics Data System}
}


@ARTICLE{LSST2009,
   author = {{LSST Science Collaboration} and {Abell}, P.~A. and {Allison}, J. and 
	{Anderson}, S.~F. and {Andrew}, J.~R. and {Angel}, J.~R.~P. and 
	{Armus}, L. and {Arnett}, D. and {Asztalos}, S.~J. and {Axelrod}, T.~S. and et al.},
    title = "{LSST Science Book, Version 2.0}",
  journal = {arXiv:0912.0201},
archivePrefix = "arXiv",
   eprint = {0912.0201},
 primaryClass = "astro-ph.IM",
 keywords = {Astrophysics - Instrumentation and Methods for Astrophysics, Astrophysics - Cosmology and Extragalactic Astrophysics, Astrophysics - Earth and Planetary Astrophysics, Astrophysics - Galaxy Astrophysics, Astrophysics - Solar and Stellar Astrophysics},
     year = 2009,
    month = dec,
   adsurl = {http://adsabs.harvard.edu/abs/2009arXiv0912.0201L},
  adsnote = {Provided by the SAO/NASA Astrophysics Data System}
}


@INPROCEEDINGS{Allan2004,
   author = {{Allan}, A. and {Naylor}, T. and {Steele}, I. and {Carter}, D. and 
	{Jenness}, T. and {Economou}, F. and {Adamson}, A.},
    title = "{eSTAR: Astronomers, Agents and when Robotic Telescopes aren't...}",
booktitle = {Astronomical Data Analysis Software and Systems (ADASS) XIII},
     year = 2004,
   series = {Astronomical Society of the Pacific Conference Series},
   volume = 314,
   editor = {{Ochsenbein}, F. and {Allen}, M.~G. and {Egret}, D.},
    month = jul,
    pages = {597},
   adsurl = {http://adsabs.harvard.edu/abs/2004ASPC..314..597A},
  adsnote = {Provided by the SAO/NASA Astrophysics Data System}
}

@MISC {Allan2016,
    author       = "Allan, Alasdair and Denny, Robert B. and Swinbank, John",
    title        = "{VOEvent} Transport Protocol Version 2.0",
    howpublished = "IVOA note",
    url = "http://www.ivoa.net/documents/VOEventTransport/",
    year         = "2016"
}


@ARTICLE{Allen2015, 
  author = "Allen, A. and Schmidt, J.", 
  year = 2015, 
  title = {Looking before Leaping: Creating a Software Registry}, 
  journal = {Journal of Open Research Software},
  volume = "3", 
  page = "e15",
  doi = {10.5334/jors.bv},
  url = {http://openresearchsoftware.metajnl.com/articles/10.5334/jors.bv/}
  }

@ARTICLE{Anderson2014,
   author = {{Anderson}, G.~E. and {van der Horst}, A.~J. and {Staley}, T.~D. and 
	{Fender}, R.~P. and {Wijers}, R.~A.~M.~J. and {Scaife}, A.~M.~M. and 
	{Rumsey}, C. and {Titterington}, D.~J. and {Rowlinson}, A. and 
	{Saunders}, R.~D.~E.},
    title = "{Probing the bright radio flare and afterglow of GRB 130427A with the Arcminute Microkelvin Imager}",
  journal = {MNRAS},
archivePrefix = "arXiv",
   eprint = {1403.2217},
 primaryClass = "astro-ph.HE",
 keywords = {gamma-ray burst: individual: GRB 130427A, radio continuum: stars},
     year = 2014,
    month = may,
   volume = 440,
    pages = {2059-2065},
      doi = {10.1093/mnras/stu478},
   adsurl = {http://adsabs.harvard.edu/abs/2014MNRAS.440.2059A},
  adsnote = {Provided by the SAO/NASA Astrophysics Data System}
}


@Article{Astropy2013,
  Title                    = {{Astropy: A community Python package for astronomy}},
  Author                   = {{Astropy Collaboration} and {Robitaille}, T.~P. and {Tollerud}, E.~J. and {Greenfield}, P. and {Droettboom}, M. and {Bray}, E. and {Aldcroft}, T. and {Davis}, M. and {Ginsburg}, A. and {Price-Whelan}, A.~M. and {Kerzendorf}, W.~E. and {Conley}, A. and {Crighton}, N. and {Barbary}, K. and {Muna}, D. and {Ferguson}, H. and {Grollier}, F. and {Parikh}, M.~M. and {Nair}, P.~H. and {Unther}, H.~M. and {Deil}, C. and {Woillez}, J. and {Conseil}, S. and {Kramer}, R. and {Turner}, J.~E.~H. and {Singer}, L. and {Fox}, R. and {Weaver}, B.~A. and {Zabalza}, V. and {Edwards}, Z.~I. and {Azalee Bostroem}, K. and {Burke}, D.~J. and {Casey}, A.~R. and {Crawford}, S.~M. and {Dencheva}, N. and {Ely}, J. and {Jenness}, T. and {Labrie}, K. and {Lim}, P.~L. and {Pierfederici}, F. and {Pontzen}, A. and {Ptak}, A. and {Refsdal}, B. and {Servillat}, M. and {Streicher}, O.},
  Journal                  = {Astron. Astrophys.},
  year                     = {2013},

  Month                    = oct,
  Pages                    = {A33},
  Volume                   = {558},

  Adsnote                  = {Provided by the SAO/NASA Astrophysics Data System},
  Adsurl                   = {http://adsabs.harvard.edu/abs/2013A%26A...558A..33A},
  Archiveprefix            = {arXiv},
  Doi                      = {10.1051/0004-6361/201322068},
  Eid                      = {A33},
  Eprint                   = {1307.6212},
  Keywords                 = {methods: data analysis, methods: miscellaneous, virtual observatory tools},
  Primaryclass             = {astro-ph.IM}
}

@MISC {Denny2010,
    author       = "Denny, Robert B.",
    title        = "Dakota VOEvent Tools",
    howpublished = "IVOA note",
    url = "http://www.ivoa.net/documents/DakotaBroker/",
    year         = "2010"
}

@ARTICLE{Fender2015a,
   author = {{Fender}, R.~P. and {Anderson}, G.~E. and {Osten}, R. and {Staley}, T. and 
	{Rumsey}, C. and {Grainge}, K. and {Saunders}, R.~D.~E.},
    title = "{A prompt radio transient associated with a gamma-ray superflare from the young M dwarf binary DG CVn}",
  journal = {MNRAS},
archivePrefix = "arXiv",
   eprint = {1410.1545},
 primaryClass = "astro-ph.HE",
 keywords = {Acceleration of particles, telescopes, stars: flare, radio continuum: stars, X-rays: stars},
     year = 2015,
    month = jan,
   volume = 446,
    pages = {L66-L70},
      doi = {10.1093/mnrasl/slu165},
   adsurl = {http://adsabs.harvard.edu/abs/2015MNRAS.446L..66F},
  adsnote = {Provided by the SAO/NASA Astrophysics Data System}
}


@ARTICLE{Fender2015b,
   author = {{Fender}, R. and {Stewart}, A. and {Macquart}, J.-P. and {Donnarumma}, I. and 
	{Murphy}, T. and {Deller}, A. and {Paragi}, Z. and {Chatterjee}, S.
	},
    title = "{Transient Astrophysics with the Square Kilometre Array}",
  journal = {arXiv:1507.00729},
archivePrefix = "arXiv",
   eprint = {1507.00729},
 primaryClass = "astro-ph.HE",
 keywords = {Astrophysics - High Energy Astrophysical Phenomena},
     year = 2015,
    month = jul,
   adsurl = {http://adsabs.harvard.edu/abs/2015arXiv150700729F},
  adsnote = {Provided by the SAO/NASA Astrophysics Data System}
}


@ARTICLE{Gehrels2015,
   author = {{Gehrels}, N. and {Cannizzo}, J.~K.},
    title = "{How Swift is redefining time domain astronomy}",
  journal = {Journal of High Energy Astrophysics},
archivePrefix = "arXiv",
   eprint = {1502.03064},
 primaryClass = "astro-ph.HE",
 keywords = {Black hole physics, Radiation mechanisms: non-thermal, Stars: activity, Gamma-ray burst: general, Stars: neutron, novae, Galaxies: star formation},
     year = 2015,
    month = sep,
   volume = 7,
    pages = {2-11},
      doi = {10.1016/j.jheap.2015.03.003},
   adsurl = {http://adsabs.harvard.edu/abs/2015JHEAp...7....2G},
  adsnote = {Provided by the SAO/NASA Astrophysics Data System}
}

@ARTICLE{Hunter2007,
  author = {Hunter, J. D.},
  title = {Matplotlib: A 2D graphics environment},
  journal = {Computing In Science \& Engineering},
  year = {2007},
  volume = {9},
  pages = {90--95},
  number = {3},
  owner = {ts3e11},
  publisher = {IEEE COMPUTER SOC},
  timestamp = {2014.11.20}
}

 @misc{jones_scipy_2001, 
  title = {{SciPy}: Open source scientific tools for Python}, 
  url = {http://www.scipy.org/}, 
  Author = {Jones, E. and Oliphant, T. and Peterson, P. and Others}, 
  year = {2001} }  
  
@ARTICLE{Keane2016,
   author = {{Keane}, E.~F. and {Johnston}, S. and {Bhandari}, S. and {Barr}, E. and 
	{Bhat}, N.~D.~R. and {Burgay}, M. and {Caleb}, M. and {Flynn}, C. and 
	{Jameson}, A. and {Kramer}, M. and {Petroff}, E. and {Possenti}, A. and 
	{van Straten}, W. and {Bailes}, M. and {Burke-Spolaor}, S. and 
	{Eatough}, R.~P. and {Stappers}, B.~W. and {Totani}, T. and 
	{Honma}, M. and {Furusawa}, H. and {Hattori}, T. and {Morokuma}, T. and 
	{Niino}, Y. and {Sugai}, H. and {Terai}, T. and {Tominaga}, N. and 
	{Yamasaki}, S. and {Yasuda}, N. and {Allen}, R. and {Cooke}, J. and 
	{Jencson}, J. and {Kasliwal}, M.~M. and {Kaplan}, D.~L. and 
	{Tingay}, S.~J. and {Williams}, A. and {Wayth}, R. and {Chandra}, P. and 
	{Perrodin}, D. and {Berezina}, M. and {Mickaliger}, M. and {Bassa}, C.
	},
    title = "{The host galaxy of a fast radio burst}",
  journal = {Nature},
archivePrefix = "arXiv",
   eprint = {1602.07477},
 primaryClass = "astro-ph.HE",
     year = 2016,
    month = feb,
   volume = 530,
    pages = {453-456},
      doi = {10.1038/nature17140},
   adsurl = {http://adsabs.harvard.edu/abs/2016Natur.530..453K},
  adsnote = {Provided by the SAO/NASA Astrophysics Data System}
}



@Article{Perez2007, 
  Author = {P\'erez, Fernando and Granger, Brian E.}, 
  Title = {{IP}ython: a System for Interactive Scientific Computing}, 
  Journal = {Computing in Science and Engineering}, 
  Volume = {9}, Number = {3}, 
  Pages = {21--29}, 
  month = may, 
  year = 2007, 
  url = "http://ipython.org", 
  ISSN = "1521-9615", 
  doi = {10.1109/MCSE.2007.53}, 
  publisher = {IEEE Computer Society}, 
} 

@ARTICLE{Perryman2001,
   author = {{Perryman}, M.~A.~C. and {de Boer}, K.~S. and {Gilmore}, G. and 
	{H{\o}g}, E. and {Lattanzi}, M.~G. and {Lindegren}, L. and {Luri}, X. and 
	{Mignard}, F. and {Pace}, O. and {de Zeeuw}, P.~T.},
    title = "{GAIA: Composition, formation and evolution of the Galaxy}",
  journal = {Astron. Astrophys.},
   eprint = {astro-ph/0101235},
 keywords = {INSTRUMENTATION: MISCELLANEOUS, SPACE VEHICLES: INSTRUMENTS, ASTROMETRY, GALAXY: GENERAL, TECHNIQUES: PHOTOMETRIC, TECHNIQUES: RADIAL VELOCITIES},
     year = 2001,
    month = apr,
   volume = 369,
    pages = {339-363},
      doi = {10.1051/0004-6361:20010085},
   adsurl = {http://adsabs.harvard.edu/abs/2001A%26A...369..339P},
  adsnote = {Provided by the SAO/NASA Astrophysics Data System}
}




@INPROCEEDINGS{Seaman2008,
   author = {{Seaman}, R. and {Allan}, A. and {Williams}, R.},
    title = "{Transient Event Reporting and Response with VOEvent}",
booktitle = {Astronomical Data Analysis Software and Systems XVII},
     year = 2008,
   series = {Astronomical Society of the Pacific Conference Series},
   volume = 394,
   editor = {{Argyle}, R.~W. and {Bunclark}, P.~S. and {Lewis}, J.~R.},
    month = aug,
    pages = {213},
   adsurl = {http://adsabs.harvard.edu/abs/2008ASPC..394..213S},
  adsnote = {Provided by the SAO/NASA Astrophysics Data System}
}

@MISC {Seaman2011,
    author       = "Seaman, R. and Williams, R. and Allan, A. and Barthelmy, S. and others",
    title        = "Sky Event Reporting Metadata Version 2.0",
    howpublished = "IVOA note",
    url = "http://www.ivoa.net/documents/VOEvent/",
    year         = "2011"
}


@ARTICLE{Shappee2014,
   author = {{Shappee}, B.~J. and {Prieto}, J.~L. and {Grupe}, D. and {Kochanek}, C.~S. and 
	{Stanek}, K.~Z. and {De Rosa}, G. and {Mathur}, S. and {Zu}, Y. and 
	{Peterson}, B.~M. and {Pogge}, R.~W. and {Komossa}, S. and {Im}, M. and 
	{Jencson}, J. and {Holoien}, T.~W.-S. and {Basu}, U. and {Beacom}, J.~F. and 
	{Szczygie{\l}}, D.~M. and {Brimacombe}, J. and {Adams}, S. and 
	{Campillay}, A. and {Choi}, C. and {Contreras}, C. and {Dietrich}, M. and 
	{Dubberley}, M. and {Elphick}, M. and {Foale}, S. and {Giustini}, M. and 
	{Gonzalez}, C. and {Hawkins}, E. and {Howell}, D.~A. and {Hsiao}, E.~Y. and 
	{Koss}, M. and {Leighly}, K.~M. and {Morrell}, N. and {Mudd}, D. and 
	{Mullins}, D. and {Nugent}, J.~M. and {Parrent}, J. and {Phillips}, M.~M. and 
	{Pojmanski}, G. and {Rosing}, W. and {Ross}, R. and {Sand}, D. and 
	{Terndrup}, D.~M. and {Valenti}, S. and {Walker}, Z. and {Yoon}, Y.
	},
    title = "{The Man behind the Curtain: X-Rays Drive the UV through NIR Variability in the 2013 Active Galactic Nucleus Outburst in NGC 2617}",
  journal = {Astrophys. J.},
archivePrefix = "arXiv",
   eprint = {1310.2241},
 primaryClass = "astro-ph.HE",
 keywords = {galaxies: active, galaxies: nuclei, galaxies: Seyfert, line: formation, line: profiles},
     year = 2014,
    month = jun,
   volume = 788,
      eid = {48},
    pages = {48},
      doi = {10.1088/0004-637X/788/1/48},
   adsurl = {http://adsabs.harvard.edu/abs/2014ApJ...788...48S},
  adsnote = {Provided by the SAO/NASA Astrophysics Data System}
}

@MISC{Staley2014,
   author = {{Staley}, T.~D.},
    title = "{voevent-parse: Parse, manipulate, and generate VOEvent XML packets}",
 keywords = {Software},
howpublished = {Astrophysics Source Code Library, record ascl:1411.003},
     year = 2014,
    month = nov,
archivePrefix = "ascl",
   eprint = {1411.003},
   adsurl = {http://adsabs.harvard.edu/abs/2014ascl.soft11003S},
  adsnote = {Provided by the SAO/NASA Astrophysics Data System}
}



@ARTICLE{Swinbank2014,
   author = {{Swinbank}, J.},
    title = "{Comet: A VOEvent broker}",
  journal = {Astronomy and Computing},
archivePrefix = "arXiv",
   eprint = {1409.4805},
 primaryClass = "astro-ph.IM",
 keywords = {VOEvent, Astronomical transients, Time domain astrophysics, Network protocol design},
     year = 2014,
    month = nov,
   volume = 7,
    pages = {12-26},
      doi = {10.1016/j.ascom.2014.09.001},
   adsurl = {http://adsabs.harvard.edu/abs/2014A%26C.....7...12S},
  adsnote = {Provided by the SAO/NASA Astrophysics Data System}
}



@MISC{Swinbank2015,
    author       = "Swinbank, J.D.",
    title        = "Notes on {VOEvent}",
    howpublished = "Online documentation",
    url = "http://voevent.readthedocs.org/",
    year         = "2015"
}

@MISC {Waitzman1990,
    author       = "Waitzman, D",
    title        = "A Standard for the Transmission of {IP} Datagrams on Avian Carriers",
    howpublished = "IETF RFC pages",
    url = "https://www.ietf.org/rfc/rfc1149.txt",
    year         = "1990"
}

@INPROCEEDINGS{Williams2010,
   author = {{Williams}, R. and {Drake}, A.~J. and {Djorgovski}, S.~G. and 
	{Donalek}, C. and {Graham}, M.~J. and {Mahabal}, A.},
    title = "{Skyalert: a Platform for Event Understanding and Dissemination}",
booktitle = {American Astronomical Society Meeting Abstracts \#215},
     year = 2010,
   series = {Bulletin of the American Astronomical Society},
   volume = 42,
    month = jan,
      eid = {477.01},
    pages = {563},
   adsurl = {http://adsabs.harvard.edu/abs/2010AAS...21547701W},
  adsnote = {Provided by the SAO/NASA Astrophysics Data System}
}

